<record xmlns="http://www.loc.gov/MARC21/slim" xmlns:xsi="http://www.w3.org/2001/XMLSchema-instance" xsi:schemaLocation="http://www.loc.gov/MARC21/slim http://www.loc.gov/standards/marcxml/schema/MARC21slim.xsd"><leader>02259nam a2200433   4500</leader><controlfield tag="001">1924073</controlfield><controlfield tag="003">NIC</controlfield><controlfield tag="006">m        d        </controlfield><controlfield tag="007">cr cn |||m|||a</controlfield><controlfield tag="008">150116m19241926le      ob    001 0 araxd</controlfield><datafield ind1=" " ind2=" " tag="040"><subfield code="a">NNU</subfield><subfield code="b">eng</subfield><subfield code="c">NNU</subfield></datafield><datafield ind1="0" ind2="4" tag="050"><subfield code="a">PJ7538</subfield><subfield code="b">.C5 1924</subfield></datafield><datafield ind1="1" ind2=" " tag="100"><subfield code="6">880-01</subfield><subfield code="a">Cheikho, Louis,</subfield><subfield code="d">1859-1927.</subfield></datafield><datafield ind1="1" ind2="3" tag="245"><subfield code="6">880-02</subfield><subfield code="a">al-A&#772;da&#772;b al-&#699;Arabi&#772;yah fi&#772; al-qarn al-ta&#772;si&#699; &#699;ashar</subfield><subfield code="h">[electronic resource] /</subfield><subfield code="c">li-Luwi&#772;s Shaykhu.</subfield></datafield><datafield ind1=" " ind2=" " tag="250"><subfield code="6">880-03</subfield><subfield code="a">T&#803;ab&#699;ah 2., mus&#803;ah&#803;h&#803;ah&#803;ah ma&#699;a ziya&#772;da&#772;t shatta&#769;.</subfield></datafield><datafield ind1=" " ind2=" " tag="260"><subfield code="6">880-04</subfield><subfield code="a">Bayru&#772;t :</subfield><subfield code="b">al-Mat&#803;ba&#699;ah al-Ka&#772;thu&#772;li&#772;kiyah lil-A&#772;ba&#772;&#700; al-Yasu&#772;&#699;i&#772;yi&#772;n,</subfield><subfield code="c">1924-26.</subfield></datafield><datafield ind1=" " ind2=" " tag="300"><subfield code="a">online resource (2 v.)</subfield></datafield><datafield ind1=" " ind2=" " tag="500"><subfield code="a">Added t.p.: La litte&#769;rature arabe au XIXe sie&#768;cle, par L. Cheikho.</subfield></datafield><datafield ind1=" " ind2=" " tag="500"><subfield code="a">"Naqlan &#699;an majallat al-Mashriq."</subfield></datafield><datafield ind1=" " ind2=" " tag="500"><subfield code="a">Introds. in Arabic and French.</subfield></datafield><datafield ind1=" " ind2=" " tag="500"><subfield code="a">Part of the Arabic Collections Online (ACO) project, contributed by Cornell University Libraries.</subfield></datafield><datafield ind1=" " ind2=" " tag="504"><subfield code="a">Includes bibliographical references and indexes.</subfield></datafield><datafield ind1="0" ind2=" " tag="505"><subfield code="a">juz&#700; 1. 1800-1870.--juz&#700; 2. 1870-1900.</subfield></datafield><datafield ind1=" " ind2=" " tag="533"><subfield code="a">Electronic reproduction.</subfield><subfield code="b">New York, N.Y. :</subfield><subfield code="c">New York University,</subfield><subfield code="d">2015.</subfield><subfield code="5">NNU</subfield></datafield><datafield ind1=" " ind2="0" tag="650"><subfield code="a">Arabic literature</subfield><subfield code="y">1801-</subfield><subfield code="x">History and criticism.</subfield></datafield><datafield ind1=" " ind2="7" tag="650"><subfield code="a">Arabic literature.</subfield><subfield code="2">fast</subfield><subfield code="0">(OCoLC)fst00812478</subfield></datafield><datafield ind1=" " ind2="7" tag="648"><subfield code="a">Since 1801</subfield><subfield code="2">fast</subfield></datafield><datafield ind1=" " ind2="7" tag="655"><subfield code="a">Criticism, interpretation, etc.</subfield><subfield code="2">fast</subfield><subfield code="0">(OCoLC)fst01411635</subfield></datafield><datafield ind1="2" ind2=" " tag="710"><subfield code="a">Cornell University.</subfield><subfield code="b">Libraries.</subfield></datafield><datafield ind1="0" ind2=" " tag="730"><subfield code="a">Arabic Collections Online.</subfield></datafield><datafield ind1="0" ind2="1" tag="740"><subfield code="a">Litte&#769;rature arabe au XIXe sie&#768;cle.</subfield></datafield><datafield ind1="0" ind2="8" tag="776"><subfield code="i">Print version:</subfield><subfield code="a">Cheikho, Louis, 1859-1927.</subfield><subfield code="t">al-A&#772;da&#772;b al-&#699;Arabi&#772;yah fi&#772; al-qarn al-ta&#772;si&#699; &#699;ashar</subfield><subfield code="w">(NIC)1924073</subfield><subfield code="w">(DLC)   72223559 </subfield><subfield code="w">(OCoLC)60467165</subfield></datafield><datafield ind1="4" ind2="0" tag="856"><subfield code="u">http://hdl.handle.net/2333.1/t1g1k02w</subfield></datafield><datafield ind1="1" ind2=" " tag="880"><subfield code="6">100-01/r</subfield><subfield code="a">&#1588;&#1610;&#1582;&#1608;&#1548; &#1604;&#1608;&#1610;&#1587;&#1548;</subfield><subfield code="d">1859-1927.</subfield></datafield><datafield ind1="1" ind2="2" tag="880"><subfield code="6">245-02/r</subfield><subfield code="a">&#1575;&#1604;&#1575;&#1583;&#1575;&#1576; &#1575;&#1604;&#1593;&#1585;&#1576;&#1610;&#1577; &#1601;&#1610; &#1575;&#1604;&#1602;&#1585;&#1606; &#1575;&#1604;&#1578;&#1575;&#1587;&#1593; &#1593;&#1588;&#1585; /</subfield><subfield code="c">&#1604;&#1604;&#1608;&#1610;&#1587; &#1588;&#1610;&#1582;&#1608;.</subfield></datafield><datafield ind1=" " ind2=" " tag="880"><subfield code="6">250-03/r</subfield><subfield code="a">&#1591;&#1576;&#1593;&#1577; 2.&#1548; &#1605;&#1589;&#1581;&#1581;&#1577; &#1605;&#1593; &#1586;&#1610;&#1575;&#1583;&#1575;&#1578; &#1588;&#1578;&#1609;.</subfield></datafield><datafield ind1=" " ind2=" " tag="880"><subfield code="6">260-04/r</subfield><subfield code="a">&#1576;&#1610;&#1585;&#1608;&#1578; :</subfield><subfield code="b">&#1575;&#1604;&#1605;&#1591;&#1576;&#1593;&#1577; &#1575;&#1604;&#1603;&#1575;&#1579;&#1608;&#1604;&#1610;&#1603;&#1610;&#1577; &#1604;&#1604;&#1570;&#1576;&#1575;&#1569; &#1575;&#1604;&#1610;&#1587;&#1608;&#1593;&#1610;&#1610;&#1606;&#1548;</subfield><subfield code="c">1924-26.</subfield></datafield><datafield ind1=" " ind2=" " tag="959"><subfield code="a">NNU</subfield><subfield code="b">WEB</subfield><subfield code="c">GENI</subfield><subfield code="t">0</subfield><subfield code="m">Electronic access</subfield><subfield code="s">01</subfield></datafield><datafield ind1=" " ind2=" " tag="999"><subfield code="i">NIC_1924073</subfield><subfield code="o">(OCoLC)ocm60467165</subfield><subfield code="e">ok</subfield></datafield></record>